/home/ramare/Nextcloud/tex/Bibliographie/Global.bib